% This file was created with JabRef 2.7.2.
% Encoding: UTF8
% note={\url{https://www.cisco.com/c/en/us/solutions/collateral/service-provider/visual-networking-index-vni/mobile-white-paper-c11-520862.html}}
